@article{Lauber2022,
    title = {{Immersed boundary simulations of flows driven by moving thin membranes}},
    year = {2022},
    journal = {Journal of Computational Physics},
    author = {Lauber, Marin and Weymouth, Gabriel D. and Limbert, Georges},
    month = {5},
    pages = {111076},
    volume = {457},
    publisher = {Academic Press},
    doi = {10.1016/J.JCP.2022.111076},
    issn = {0021-9991},
    arxivId = {2110.06535}
}

@article{Koshakji2023AFlow,
    title = {{A robust computational framework for simulating the dynamics of large assemblies of highly-flexible fibers immersed in viscous flow}},
    year = {2023},
    journal = {Journal of Computational Physics},
    author = {Koshakji, Anwar and Chomette, Grégoire and Turner, Jeffrey and Jablonski, Jonathan and Haynes, Aisha and Carlucci, Donald and Giovanardi, Bianca and Radovitzky, Raúl A.},
    month = {2},
    volume = {474},
    publisher = {Academic Press Inc.},
    doi = {10.1016/j.jcp.2022.111774},
    issn = {10902716},
    keywords = {Beam contact, Boundary element method, Flexible filaments in Stokes flow, Fluid-structure interaction, Graphic processing units (GPU), Large-deformation beam elements}
}

@article{Degroote2008AnInteraction,
    title = {{An interface quasi-Newton algorithm for partitioned simulation of fluid-structure interaction}},
    year = {2008},
    journal = {International Workshop on Fluid-Structure Interaction. Theory, Numerics and Applications},
    author = {Degroote, J and Haelterman, R and Annerel, S and Swillens, A and Segers, P and Vierendeels, J},
    number = {November 2021},
    pages = {55}
}

@article{Huang2013ExperimetalDistribution,
    title = {{Experimetal study of a freely falling plate with an inhomogeneous mass distribution}},
    year = {2013},
    journal = {Physical Review E - Statistical, Nonlinear, and Soft Matter Physics},
    author = {Huang, Wentao and Liu, Hong and Wang, Fuxin and Wu, Junqi and Zhang, H. P.},
    number = {5},
    month = {11},
    volume = {88},
    doi = {10.1103/PhysRevE.88.053008},
    issn = {15393755}
}

@article{Tam2015FlexibilityWings,
    title = {{Flexibility increases lift for passive fluttering wings}},
    year = {2015},
    journal = {Journal of Fluid Mechanics},
    author = {Tam, Daniel},
    month = {2},
    volume = {765},
    publisher = {Cambridge University Press},
    doi = {10.1017/jfm.2015.1},
    issn = {14697645},
    keywords = {aerodynamics, flow-structure interactions, swimming/flying}
}

@article{Shelley2005HeavyWater,
    title = {{Heavy flags undergo spontaneous oscillations in flowing water}},
    year = {2005},
    journal = {Physical Review Letters},
    author = {Shelley, Michael and Vandenberghe, Nicolas and Zhang, Jun},
    number = {9},
    month = {3},
    volume = {94},
    doi = {10.1103/PhysRevLett.94.094302},
    issn = {00319007}
}

@article{Lauber2023Immersed-BoundaryShells,
    title = {{Immersed-Boundary Fluid-Structure Interaction of Membranes and Shells}},
    year = {2023},
    author = {Lauber, Marin and Weymouth, Gabriel D. and Limbert, Georges},
    month = {8},
    url = {https://arxiv.org/abs/2308.06494v1},
    arxivId = {2308.06494}
}

@article{Cottrell2006IsogeometricVibrations,
    title = {{Isogeometric analysis of structural vibrations}},
    year = {2006},
    journal = {Computer Methods in Applied Mechanics and Engineering},
    author = {Cottrell, J. A. and Reali, A. and Bazilevs, Y. and Hughes, T. J.R.},
    number = {41-43},
    month = {8},
    pages = {5257--5296},
    volume = {195},
    doi = {10.1016/j.cma.2005.09.027},
    issn = {00457825},
    keywords = {Finite elements, Invariant frequency spectra, Isogeometric analysis, Mass matrices, Nonlinear parameterization, Rotationless bending elements, Structural vibrations}
}

@article{Weeger2017IsogeometricStructures,
    title = {{Isogeometric collocation methods for Cosserat rods and rod structures}},
    year = {2017},
    journal = {Comput. Methods Appl. Mech. Engrg},
    author = {Weeger, Oliver and Yeung, Sai-Kit and Dunn, Martin L},
    pages = {100--122},
    volume = {316},
    url = {www.sciencedirect.comwww.elsevier.com/locate/cmahttp://dx.doi.org/10.1016/j.cma.2016.05.009},
    doi = {10.1016/j.cma.2016.05.009},
    keywords = {Collocation method, Cosserat rod model, Isogeometric analysis, Locking-free methods * Corresponding author, NURBS basis functions, Rod structures}
}

@article{Lauber2023RapidFlight,
    title = {{Rapid flapping and fibre-reinforced membrane wings are key to high-performance bat flight}},
    year = {2023},
    journal = {Journal of the Royal Society Interface},
    author = {Lauber, Marin and Weymouth, Gabriel D. and Limbert, Georges},
    number = {208},
    month = {11},
    volume = {20},
    publisher = {{\\\}The Royal Society{\\\}},
    url = {https://royalsocietypublishing.org/doi/10.1098/rsif.2023.0466},
    doi = {10.1098/RSIF.2023.0466},
    issn = {17425662},
    pmid = {37963557},
    keywords = {bat flight, fibres, fluid–structure, membrane, simulations}
}

@article{Wiens2015SimulatingAlgorithm,
    title = {{Simulating flexible fiber suspensions using a scalable immersed boundary algorithm}},
    year = {2015},
    journal = {Computer Methods in Applied Mechanics and Engineering},
    author = {Wiens, Jeffrey K. and Stockie, John M.},
    month = {6},
    pages = {1--18},
    volume = {290},
    publisher = {Elsevier},
    doi = {10.1016/j.cma.2015.02.026},
    issn = {00457825},
    arxivId = {1407.7514},
    keywords = {Flexible fibers, Fluid-structure interaction, Immersed boundary method, Kirchhoff rod theory, Parallel algorithm, Pseudo-compressibility method}
}

@article{Li2013TheFilaments,
    title = {{The sedimentation of flexible filaments}},
    year = {2013},
    journal = {Journal of Fluid Mechanics},
    author = {Li, Lei and Manikantan, Harishankar and Saintillan, David and Spagnolie, Saverio E.},
    pages = {705--736},
    volume = {735},
    publisher = {Cambridge University Press},
    doi = {10.1017/jfm.2013.512},
    issn = {14697645},
    arxivId = {1306.4692},
    keywords = {instability, low-Reynolds-number flows, slender-body theory}
}